@article{Malladi_1,
 author = {Malladi, Rajeswari and Agrawal, Dharma P.},
 title = {Current and future applications of mobile and wireless networks},
 journal = {Commun. ACM},
 issue_date = {October 2002},
 volume = {45},
 number = {10},
 month = oct,
 year = {2002},
 issn = {0001-0782},
 pages = {144--146},
 numpages = {3},
 url = {http://doi.acm.org/10.1145/570907.570947},
 doi = {10.1145/570907.570947},
 acmid = {570947},
 publisher = {ACM},
 address = {New York, NY, USA},
}
}

@article{Huang_2,
 author = {Huang, Yongqiang and Garcia-Molina, Hector},
 title = {Publish/subscribe in a mobile environment},
 journal = {Wirel. Netw.},
 issue_date = {November 2004},
 volume = {10},
 number = {6},
 month = nov,
 year = {2004},
 issn = {1022-0038},
 pages = {643--652},
 numpages = {10},
 url = {http://dx.doi.org/10.1023/B:WINE.0000044025.64654.65},
 doi = {10.1023/B:WINE.0000044025.64654.65},
 acmid = {1035681},
 publisher = {Springer-Verlag New York, Inc.},
 address = {Secaucus, NJ, USA},
 keywords = {event systems, mobile networks, publish/subscribe, wireless ad-hoc networks},
}
}

@misc{Clicia,
  author={Marluce R. Pereira, Cláudio L. de Amorim e Maria Clicia Stelling de Castro},
  Key={Site},
  title={Tutorial sobre Redes de Sensores},
  howpublished={\url{http://magnum.ime.uerj.br/cadernos/cadinf/vol14/3-clicia.pdf},
  último acesso em 23 de Setembro de 2013
  }
}

@misc{Redes_Sensores,
  author={Carlos Eduardo Calvente Ribeiro e Eric Couto Luz Silva},
  Key={Site},
  title={Redes de Sensores Sem Fio},
  howpublished={\url{http://www.gta.ufrj.br/grad/07_1/rssf/index.html},
  último acesso em 23 de Setembro de 2013
  }
}

@misc{Twister,
  author={Warner Bros., Universal Pictures, Amblin Entertainment},
  Key={Site},
  title={Twister},
  howpublished={\url{http://www.imdb.com/title/tt0117998/?ref_=sr_2},
  último acesso em 23 de Setembro de 2013
  }
}

