@book{Kurose,
 author = {Kurose, James F. and Ross, Keith W.},
 title = {Computer Networking: A Top-Down Approach},
 year = {2009},
 isbn = {0136079679, 9780136079675},
 edition = {5th},
 publisher = {Addison-Wesley Publishing Company},
 address = {USA},
} 
}

@article{Rubinstein,
 author = {Rafael dos Santos Alves; Igor do V Campbell; Rodrigo de S Couto; Miguel Elias M Campista; Igor M Moraes; Marcelo G Rubinstein; Luís Henrique M K Costa; Otto Carlos M B Duarte; Michel Abdalla},
 title = {Redes Veiculares: Princípios, Aplicações e Desafios},
 journal = {SBRC'2009},
 issue_date = {May 2009},
 month = may,
 year = {2009},
 pages = {199--254},
 numpages = {55},
 publisher = {SBRC},
 address = {Recife, PE, Brazil},
}
}

@article{SDN,
  title={Redes Definidas por Software: uma abordagem sist{\^e}mica para o desenvolvimento de pesquisas em Redes de Computadores},
  author={Guedes, Dorgival and Vieira, L and Vieira, M and Rodrigues, Henrique and Nunes, Rog{\'e}rio Vinhal}
}

@INPROCEEDINGS{OMNI,
author={Mattos, D.M.F. and Fernandes, N.C. and da Costa, V.T. and Cardoso, L.P. and Campista, M.E.M. and Costa, L. H M K and Duarte, O.C.M.B.},
booktitle={Network of the Future (NOF), 2011 International Conference on the},
title={OMNI: OpenFlow MaNagement Infrastructure},
year={2011},
pages={52-56},
keywords={application program interfaces;computer network management;multi-agent systems;service-oriented architecture;API;OMNI openflow management infrastructure;OpenFlow network;Web interface;application programming interface;computer network management;dynamic flow configuration;flow monitoring;multiagent system;packet loss rates;remote management;service-oriented architecture;Control systems;Monitoring;Multiagent systems;Proposals;Web servers},
doi={10.1109/NOF.2011.6126682},}

