@article{NiranjanMysore:2009:PSF:1594977.1592575,
 author = {Niranjan Mysore, Radhika and Pamboris, Andreas and Farrington, Nathan and Huang, Nelson and Miri, Pardis and Radhakrishnan, Sivasankar and Subramanya, Vikram and Vahdat, Amin},
 title = {PortLand: a scalable fault-tolerant layer 2 data center network fabric},
 journal = {SIGCOMM Comput. Commun. Rev.},
 issue_date = {October 2009},
 volume = {39},
 number = {4},
 month = aug,
 year = {2009},
 issn = {0146-4833},
 pages = {39--50},
 numpages = {12},
 url = {http://doi.acm.org/10.1145/1594977.1592575},
 doi = {10.1145/1594977.1592575},
 acmid = {1592575},
 publisher = {ACM},
 address = {New York, NY, USA},
 keywords = {data center network fabric, layer 2 routing in data centers},
} 
