@article{Subashini:2011:RSS:1889383.1889415,
 author = {Subashini, S. and Kavitha, V.},
 title = {Review: A survey on security issues in service delivery models of cloud computing},
 journal = {J. Netw. Comput. Appl.},
 issue_date = {January, 2011},
 volume = {34},
 number = {1},
 month = jan,
 year = {2011},
 issn = {1084-8045},
 pages = {1--11},
 numpages = {11},
 url = {http://dx.doi.org/10.1016/j.jnca.2010.07.006},
 doi = {10.1016/j.jnca.2010.07.006},
 acmid = {1889415},
 publisher = {Academic Press Ltd.},
 address = {London, UK, UK},
 keywords = {Cloud computing, Data privacy, Data protection, Security, Virtualization},
} 